<record><leader>00000cas a22000007a 4500</leader><controlfield tag="001">11898245</controlfield><controlfield tag="008">850409d18611861wvuuu ne      0    0eng d</controlfield><controlfield tag="009">148</controlfield><datafield ind1=" " ind2=" " tag="010"><subfield code="a">sn 85054456 </subfield></datafield><datafield ind1=" " ind2=" " tag="040"><subfield code="a">NYG</subfield><subfield code="b">eng</subfield><subfield code="c">NYG</subfield><subfield code="d">NPY</subfield><subfield code="d">WVC</subfield><subfield code="d">DLC</subfield><subfield code="d">OCL</subfield></datafield><datafield ind1=" " ind2=" " tag="042"><subfield code="a">msc</subfield></datafield><datafield ind1="0" ind2="4" tag="245"><subfield code="a">The Ohio seventh.</subfield></datafield><datafield ind1=" " ind2=" " tag="260"><subfield code="a">Weston, Va. [W. Va.] :</subfield><subfield code="b">J.F. Harmon &amp; E.F. Grabill,</subfield><subfield code="c">1861-</subfield></datafield><datafield ind1=" " ind2=" " tag="300"><subfield code="a">v. ;</subfield><subfield code="c">60 cm.</subfield></datafield><datafield ind1="0" ind2=" " tag="362"><subfield code="a">Vol. 1, no. 1 (July 4, 1861)-</subfield></datafield><datafield ind1="1" ind2=" " tag="362"><subfield code="a">Ceased in 1861?</subfield></datafield><datafield ind1=" " ind2=" " tag="500"><subfield code="a">"The Ohio Seventh will be published as often as circumstances will admit and of such material as may be found in Secession offices where we may chance to stop long enough to raise our flag and issue a paper."</subfield></datafield><datafield ind1=" " ind2=" " tag="500"><subfield code="a">The Seventh Ohio took over the office of: The Weston herald.</subfield></datafield><datafield ind1=" " ind2=" " tag="500"><subfield code="a">Editors: Lt. J.N. Cross &amp; Lt. A.J. Williams.</subfield></datafield><datafield ind1=" " ind2=" " tag="752"><subfield code="a">United States</subfield><subfield code="b">West Virginia</subfield><subfield code="c">Lewis</subfield><subfield code="d">Weston.</subfield></datafield></record>